<?xml version="1.0" encoding="UTF-8"?><collection xmlns="http://www.loc.gov/MARC21/slim"><record><leader>00396nam--2200133-i-4500</leader><controlfield tag="001">000015282</controlfield><controlfield tag="002">20161230</controlfield><controlfield tag="005">20161230201031</controlfield><controlfield tag="008">060222s1000------------r-----000-0-eng-d</controlfield><datafield ind1=" " ind2=" " tag="080"><subfield code="a">539.12.162.8(043)</subfield></datafield><datafield ind1=" " ind2=" " tag="100"><subfield code="a">Brate, Robert</subfield></datafield><datafield ind1=" " ind2=" " tag="245"><subfield code="a">Production du j  et particles associees dans l`interaction   be a 190 gev/c. these</subfield></datafield><datafield ind1=" " ind2=" " tag="260"><subfield code="a">Orsay, L`Universite De Paris-sud, 1982. 340 P</subfield></datafield><datafield ind1=" " ind2=" " tag="852"><subfield code="a">71800</subfield></datafield></record></collection>